%YAML 1.1
%TAG !u! tag:unity3d.com,2011:
--- !u!1 &1054523949311027018
GameObject:
  m_ObjectHideFlags: 0
  m_CorrespondingSourceObject: {fileID: 0}
  m_PrefabInstance: {fileID: 0}
  m_PrefabAsset: {fileID: 0}
  serializedVersion: 6
  m_Component:
  - component: {fileID: 49777336252521871}
  - component: {fileID: 508016492670730950}
  - component: {fileID: 4297337525917645280}
  m_Layer: 0
  m_Name: middle
  m_TagString: Untagged
  m_Icon: {fileID: 0}
  m_NavMeshLayer: 0
  m_StaticEditorFlags: 0
  m_IsActive: 1
--- !u!4 &49777336252521871
Transform:
  m_ObjectHideFlags: 0
  m_CorrespondingSourceObject: {fileID: 0}
  m_PrefabInstance: {fileID: 0}
  m_PrefabAsset: {fileID: 0}
  m_GameObject: {fileID: 1054523949311027018}
  m_LocalRotation: {x: -0, y: -0, z: -0, w: 1}
  m_LocalPosition: {x: 0, y: -3, z: 0}
  m_LocalScale: {x: 1, y: 1, z: 1}
  m_ConstrainProportionsScale: 0
  m_Children: []
  m_Father: {fileID: 7683252851230174148}
  m_RootOrder: -1
  m_LocalEulerAnglesHint: {x: 0, y: 0, z: 0}
--- !u!61 &508016492670730950
BoxCollider2D:
  m_ObjectHideFlags: 0
  m_CorrespondingSourceObject: {fileID: 0}
  m_PrefabInstance: {fileID: 0}
  m_PrefabAsset: {fileID: 0}
  m_GameObject: {fileID: 1054523949311027018}
  m_Enabled: 1
  m_Density: 1
  m_Material: {fileID: 0}
  m_IncludeLayers:
    serializedVersion: 2
    m_Bits: 0
  m_ExcludeLayers:
    serializedVersion: 2
    m_Bits: 0
  m_LayerOverridePriority: 0
  m_ForceSendLayers:
    serializedVersion: 2
    m_Bits: 4294967295
  m_ForceReceiveLayers:
    serializedVersion: 2
    m_Bits: 4294967295
  m_ContactCaptureLayers:
    serializedVersion: 2
    m_Bits: 4294967295
  m_CallbackLayers:
    serializedVersion: 2
    m_Bits: 4294967295
  m_IsTrigger: 1
  m_UsedByEffector: 0
  m_UsedByComposite: 0
  m_Offset: {x: 0, y: 0}
  m_SpriteTilingProperty:
    border: {x: 0, y: 0, z: 0, w: 0}
    pivot: {x: 0, y: 0}
    oldSize: {x: 0, y: 0}
    newSize: {x: 0, y: 0}
    adaptiveTilingThreshold: 0
    drawMode: 0
    adaptiveTiling: 0
  m_AutoTiling: 0
  serializedVersion: 2
  m_Size: {x: 1, y: 4}
  m_EdgeRadius: 0
--- !u!114 &4297337525917645280
MonoBehaviour:
  m_ObjectHideFlags: 0
  m_CorrespondingSourceObject: {fileID: 0}
  m_PrefabInstance: {fileID: 0}
  m_PrefabAsset: {fileID: 0}
  m_GameObject: {fileID: 1054523949311027018}
  m_Enabled: 1
  m_EditorHideFlags: 0
  m_Script: {fileID: 11500000, guid: ba8d84a1e69534793b08b076add64206, type: 3}
  m_Name: 
  m_EditorClassIdentifier: 
  logic: {fileID: 0}
--- !u!1 &4782190596257625031
GameObject:
  m_ObjectHideFlags: 0
  m_CorrespondingSourceObject: {fileID: 0}
  m_PrefabInstance: {fileID: 0}
  m_PrefabAsset: {fileID: 0}
  serializedVersion: 6
  m_Component:
  - component: {fileID: 7683252851230174148}
  - component: {fileID: 5803298017869549424}
  m_Layer: 0
  m_Name: pipe1
  m_TagString: Untagged
  m_Icon: {fileID: 0}
  m_NavMeshLayer: 0
  m_StaticEditorFlags: 0
  m_IsActive: 1
--- !u!4 &7683252851230174148
Transform:
  m_ObjectHideFlags: 0
  m_CorrespondingSourceObject: {fileID: 0}
  m_PrefabInstance: {fileID: 0}
  m_PrefabAsset: {fileID: 0}
  m_GameObject: {fileID: 4782190596257625031}
  m_LocalRotation: {x: 0, y: 0, z: 0, w: 1}
  m_LocalPosition: {x: 0, y: 3, z: 0.09122458}
  m_LocalScale: {x: 1, y: 1, z: 1}
  m_ConstrainProportionsScale: 0
  m_Children:
  - {fileID: 746385071778066883}
  - {fileID: 3860046422047158391}
  - {fileID: 49777336252521871}
  m_Father: {fileID: 0}
  m_RootOrder: 0
  m_LocalEulerAnglesHint: {x: 0, y: 0, z: 0}
--- !u!114 &5803298017869549424
MonoBehaviour:
  m_ObjectHideFlags: 0
  m_CorrespondingSourceObject: {fileID: 0}
  m_PrefabInstance: {fileID: 0}
  m_PrefabAsset: {fileID: 0}
  m_GameObject: {fileID: 4782190596257625031}
  m_Enabled: 1
  m_EditorHideFlags: 0
  m_Script: {fileID: 11500000, guid: cc1f7b5545c9140ceb34dfbae36afa14, type: 3}
  m_Name: 
  m_EditorClassIdentifier: 
  moveSpeed: 5
  deadZone: -20
--- !u!1 &7271312538219117247
GameObject:
  m_ObjectHideFlags: 0
  m_CorrespondingSourceObject: {fileID: 0}
  m_PrefabInstance: {fileID: 0}
  m_PrefabAsset: {fileID: 0}
  serializedVersion: 6
  m_Component:
  - component: {fileID: 746385071778066883}
  - component: {fileID: 3759207528418132510}
  - component: {fileID: 7967321740739330356}
  m_Layer: 0
  m_Name: top_pipe
  m_TagString: Untagged
  m_Icon: {fileID: 0}
  m_NavMeshLayer: 0
  m_StaticEditorFlags: 0
  m_IsActive: 1
--- !u!4 &746385071778066883
Transform:
  m_ObjectHideFlags: 0
  m_CorrespondingSourceObject: {fileID: 0}
  m_PrefabInstance: {fileID: 0}
  m_PrefabAsset: {fileID: 0}
  m_GameObject: {fileID: 7271312538219117247}
  m_LocalRotation: {x: 0, y: 0, z: 1, w: 0}
  m_LocalPosition: {x: -0, y: 2.3, z: 0}
  m_LocalScale: {x: 0.7755609, y: 0.7755609, z: 0.7755609}
  m_ConstrainProportionsScale: 0
  m_Children: []
  m_Father: {fileID: 7683252851230174148}
  m_RootOrder: -1
  m_LocalEulerAnglesHint: {x: 0, y: 0, z: 180}
--- !u!212 &3759207528418132510
SpriteRenderer:
  m_ObjectHideFlags: 0
  m_CorrespondingSourceObject: {fileID: 0}
  m_PrefabInstance: {fileID: 0}
  m_PrefabAsset: {fileID: 0}
  m_GameObject: {fileID: 7271312538219117247}
  m_Enabled: 1
  m_CastShadows: 0
  m_ReceiveShadows: 0
  m_DynamicOccludee: 1
  m_StaticShadowCaster: 0
  m_MotionVectors: 1
  m_LightProbeUsage: 1
  m_ReflectionProbeUsage: 1
  m_RayTracingMode: 0
  m_RayTraceProcedural: 0
  m_RenderingLayerMask: 1
  m_RendererPriority: 0
  m_Materials:
  - {fileID: 10754, guid: 0000000000000000f000000000000000, type: 0}
  m_StaticBatchInfo:
    firstSubMesh: 0
    subMeshCount: 0
  m_StaticBatchRoot: {fileID: 0}
  m_ProbeAnchor: {fileID: 0}
  m_LightProbeVolumeOverride: {fileID: 0}
  m_ScaleInLightmap: 1
  m_ReceiveGI: 1
  m_PreserveUVs: 0
  m_IgnoreNormalsForChartDetection: 0
  m_ImportantGI: 0
  m_StitchLightmapSeams: 1
  m_SelectedEditorRenderState: 0
  m_MinimumChartSize: 4
  m_AutoUVMaxDistance: 0.5
  m_AutoUVMaxAngle: 89
  m_LightmapParameters: {fileID: 0}
  m_SortingLayerID: 0
  m_SortingLayer: 0
  m_SortingOrder: 0
  m_Sprite: {fileID: 21300000, guid: ff4efbff7faf74ac2a425453b1b5caa4, type: 3}
  m_Color: {r: 1, g: 1, b: 1, a: 1}
  m_FlipX: 0
  m_FlipY: 0
  m_DrawMode: 0
  m_Size: {x: 7, y: 9.45}
  m_AdaptiveModeThreshold: 0.5
  m_SpriteTileMode: 0
  m_WasSpriteAssigned: 1
  m_MaskInteraction: 0
  m_SpriteSortPoint: 0
--- !u!60 &7967321740739330356
PolygonCollider2D:
  m_ObjectHideFlags: 0
  m_CorrespondingSourceObject: {fileID: 0}
  m_PrefabInstance: {fileID: 0}
  m_PrefabAsset: {fileID: 0}
  m_GameObject: {fileID: 7271312538219117247}
  m_Enabled: 1
  m_Density: 1
  m_Material: {fileID: 0}
  m_IncludeLayers:
    serializedVersion: 2
    m_Bits: 0
  m_ExcludeLayers:
    serializedVersion: 2
    m_Bits: 0
  m_LayerOverridePriority: 0
  m_ForceSendLayers:
    serializedVersion: 2
    m_Bits: 4294967295
  m_ForceReceiveLayers:
    serializedVersion: 2
    m_Bits: 4294967295
  m_ContactCaptureLayers:
    serializedVersion: 2
    m_Bits: 4294967295
  m_CallbackLayers:
    serializedVersion: 2
    m_Bits: 4294967295
  m_IsTrigger: 0
  m_UsedByEffector: 0
  m_UsedByComposite: 0
  m_Offset: {x: 0, y: 0}
  m_SpriteTilingProperty:
    border: {x: 0, y: 0, z: 0, w: 0}
    pivot: {x: 0.5, y: 0.5}
    oldSize: {x: 7, y: 9.45}
    newSize: {x: 7, y: 9.45}
    adaptiveTilingThreshold: 0.5
    drawMode: 0
    adaptiveTiling: 0
  m_AutoTiling: 0
  m_Points:
    m_Paths:
    - - {x: 0.65, y: -2.645}
      - {x: 0.37551582, y: -2.3873265}
      - {x: 0.58637893, y: -2.1645684}
      - {x: 0.71999997, y: -2.0049999}
      - {x: 0.395422, y: -1.6766789}
      - {x: 0.7, y: -1.3349999}
      - {x: 0.38, y: -1.005}
      - {x: 0.71, y: -0.685}
      - {x: 0.36568657, y: -0.34218928}
      - {x: 0.53, y: -0.155}
      - {x: 0.70712435, y: 0.05075142}
      - {x: 0.38863906, y: 0.35234293}
      - {x: 0.66038805, y: 0.6744079}
      - {x: 0.35999998, y: 1.035}
      - {x: 0.52, y: 1.165}
      - {x: 0.7, y: 1.385}
      - {x: 0.36593357, y: 1.7058424}
      - {x: 0.65999997, y: 2.0349998}
      - {x: 1.37, y: 1.3149999}
      - {x: 2, y: 0.695}
      - {x: 2.35, y: 1.025}
      - {x: 2.6599998, y: 0.705}
      - {x: 3.0479393, y: 1.0536294}
      - {x: 3.047302, y: 1.0738859}
      - {x: 2.7298546, y: 1.391983}
      - {x: 3.06, y: 1.795}
      - {x: 1.39, y: 3.435}
      - {x: 1.3399999, y: 3.425}
      - {x: 1.01, y: 3.125}
      - {x: 0, y: 4.1549997}
      - {x: -0.03, y: 4.1549997}
      - {x: -1.04, y: 3.125}
      - {x: -1.35, y: 3.435}
      - {x: -1.38, y: 3.425}
      - {x: -3.06, y: 1.745}
      - {x: -3.06, y: 1.725345}
      - {x: -2.98, y: 1.625}
      - {x: -2.744482, y: 1.3953454}
      - {x: -3.0131013, y: 1.099482}
      - {x: -3.07, y: 1.025}
      - {x: -2.7141368, y: 0.6812081}
      - {x: -2.69, y: 0.66499996}
      - {x: -2.37, y: 1.005}
      - {x: -2.05, y: 0.695}
      - {x: -2.01, y: 0.695}
      - {x: -0.70993525, y: 2.0150647}
      - {x: -0.39, y: 1.735}
      - {x: -0.7, y: 1.385}
      - {x: -0.68, y: 1.3249999}
      - {x: -0.37568656, y: 1.0135621}
      - {x: -0.7056867, y: 0.69787574}
      - {x: -0.37, y: 0.385}
      - {x: -0.71, y: 0.022124287}
      - {x: -0.34993532, y: -0.3234979}
      - {x: -0.66999996, y: -0.645}
      - {x: -0.36725432, y: -0.96369964}
      - {x: -0.56, y: -1.175}
      - {x: -0.65047914, y: -1.352616}
      - {x: -0.36047918, y: -1.6669046}
      - {x: -0.66999996, y: -2.0349998}
      - {x: -0.32594734, y: -2.3218105}
      - {x: -0.65999997, y: -2.665}
      - {x: -0.6563789, y: -2.7081895}
      - {x: -0.3498979, y: -3.0564618}
      - {x: -0.67681044, y: -3.3768942}
      - {x: -0.04, y: -4.075}
      - {x: 0.03318946, y: -4.0886207}
      - {x: 0.7023263, y: -3.381379}
      - {x: 0.41, y: -3.0249999}
      - {x: 0.7, y: -2.735}
  m_UseDelaunayMesh: 0
--- !u!1 &8990712500057824769
GameObject:
  m_ObjectHideFlags: 0
  m_CorrespondingSourceObject: {fileID: 0}
  m_PrefabInstance: {fileID: 0}
  m_PrefabAsset: {fileID: 0}
  serializedVersion: 6
  m_Component:
  - component: {fileID: 3860046422047158391}
  - component: {fileID: 3349474862166991364}
  - component: {fileID: 5117810771012614442}
  m_Layer: 0
  m_Name: bottom_pipe
  m_TagString: Untagged
  m_Icon: {fileID: 0}
  m_NavMeshLayer: 0
  m_StaticEditorFlags: 0
  m_IsActive: 1
--- !u!4 &3860046422047158391
Transform:
  m_ObjectHideFlags: 0
  m_CorrespondingSourceObject: {fileID: 0}
  m_PrefabInstance: {fileID: 0}
  m_PrefabAsset: {fileID: 0}
  m_GameObject: {fileID: 8990712500057824769}
  m_LocalRotation: {x: 0, y: 0, z: 0, w: 1}
  m_LocalPosition: {x: 0.07, y: -7.93, z: 0}
  m_LocalScale: {x: 0.573518, y: 0.573518, z: 0.573518}
  m_ConstrainProportionsScale: 0
  m_Children: []
  m_Father: {fileID: 7683252851230174148}
  m_RootOrder: -1
  m_LocalEulerAnglesHint: {x: 0, y: 0, z: 0}
--- !u!212 &3349474862166991364
SpriteRenderer:
  m_ObjectHideFlags: 0
  m_CorrespondingSourceObject: {fileID: 0}
  m_PrefabInstance: {fileID: 0}
  m_PrefabAsset: {fileID: 0}
  m_GameObject: {fileID: 8990712500057824769}
  m_Enabled: 1
  m_CastShadows: 0
  m_ReceiveShadows: 0
  m_DynamicOccludee: 1
  m_StaticShadowCaster: 0
  m_MotionVectors: 1
  m_LightProbeUsage: 1
  m_ReflectionProbeUsage: 1
  m_RayTracingMode: 0
  m_RayTraceProcedural: 0
  m_RenderingLayerMask: 1
  m_RendererPriority: 0
  m_Materials:
  - {fileID: 10754, guid: 0000000000000000f000000000000000, type: 0}
  m_StaticBatchInfo:
    firstSubMesh: 0
    subMeshCount: 0
  m_StaticBatchRoot: {fileID: 0}
  m_ProbeAnchor: {fileID: 0}
  m_LightProbeVolumeOverride: {fileID: 0}
  m_ScaleInLightmap: 1
  m_ReceiveGI: 1
  m_PreserveUVs: 0
  m_IgnoreNormalsForChartDetection: 0
  m_ImportantGI: 0
  m_StitchLightmapSeams: 1
  m_SelectedEditorRenderState: 0
  m_MinimumChartSize: 4
  m_AutoUVMaxDistance: 0.5
  m_AutoUVMaxAngle: 89
  m_LightmapParameters: {fileID: 0}
  m_SortingLayerID: 0
  m_SortingLayer: 0
  m_SortingOrder: 0
  m_Sprite: {fileID: 21300000, guid: 2821e132def8341fb9b72072135c4840, type: 3}
  m_Color: {r: 1, g: 1, b: 1, a: 1}
  m_FlipX: 0
  m_FlipY: 0
  m_DrawMode: 0
  m_Size: {x: 6.58, y: 11.49}
  m_AdaptiveModeThreshold: 0.5
  m_SpriteTileMode: 0
  m_WasSpriteAssigned: 1
  m_MaskInteraction: 0
  m_SpriteSortPoint: 0
--- !u!60 &5117810771012614442
PolygonCollider2D:
  m_ObjectHideFlags: 0
  m_CorrespondingSourceObject: {fileID: 0}
  m_PrefabInstance: {fileID: 0}
  m_PrefabAsset: {fileID: 0}
  m_GameObject: {fileID: 8990712500057824769}
  m_Enabled: 1
  m_Density: 1
  m_Material: {fileID: 0}
  m_IncludeLayers:
    serializedVersion: 2
    m_Bits: 0
  m_ExcludeLayers:
    serializedVersion: 2
    m_Bits: 0
  m_LayerOverridePriority: 0
  m_ForceSendLayers:
    serializedVersion: 2
    m_Bits: 4294967295
  m_ForceReceiveLayers:
    serializedVersion: 2
    m_Bits: 4294967295
  m_ContactCaptureLayers:
    serializedVersion: 2
    m_Bits: 4294967295
  m_CallbackLayers:
    serializedVersion: 2
    m_Bits: 4294967295
  m_IsTrigger: 0
  m_UsedByEffector: 0
  m_UsedByComposite: 0
  m_Offset: {x: 0, y: 0}
  m_SpriteTilingProperty:
    border: {x: 0, y: 0, z: 0, w: 0}
    pivot: {x: 0.5, y: 0.5}
    oldSize: {x: 6.58, y: 11.49}
    newSize: {x: 6.58, y: 11.49}
    adaptiveTilingThreshold: 0.5
    drawMode: 0
    adaptiveTiling: 0
  m_AutoTiling: 0
  m_Points:
    m_Paths:
    - - {x: 1.48, y: -5.585}
      - {x: 1.4599999, y: -5.665}
      - {x: 1.36, y: -5.625}
      - {x: 1.36, y: -5.4649997}
      - {x: 1.37, y: -5.275}
      - {x: 1.3199999, y: -4.995}
      - {x: 1.3, y: -4.9449997}
      - {x: 1.2099999, y: -4.8849998}
      - {x: 1.1999999, y: -4.7349997}
      - {x: 1.17, y: -4.625}
      - {x: 1.0699999, y: -4.515}
      - {x: 1.05, y: -4.365}
      - {x: 1.01, y: -3.965}
      - {x: 0.98999995, y: -3.685}
      - {x: 1.01, y: -3.675}
      - {x: 1.09, y: -3.605}
      - {x: 1.0799999, y: -3.245}
      - {x: 1.05, y: -3.0449998}
      - {x: 1.0799999, y: -3.0349998}
      - {x: 1.13, y: -2.895}
      - {x: 1.12, y: -2.7749999}
      - {x: 1.1, y: -2.665}
      - {x: 1.16, y: -2.615}
      - {x: 1.17, y: -2.5049999}
      - {x: 1.14, y: -2.0449998}
      - {x: 1.09, y: -1.5949999}
      - {x: 1.06, y: -1.405}
      - {x: 1.2099999, y: -1.3249999}
      - {x: 1.26, y: -1.265}
      - {x: 1.31, y: -1.165}
      - {x: 1.37, y: -0.92499995}
      - {x: 1.41, y: -0.675}
      - {x: 1.5, y: -0.66499996}
      - {x: 1.5999999, y: -0.565}
      - {x: 1.65, y: -0.48499998}
      - {x: 1.78, y: -0.265}
      - {x: 1.81, y: -0.195}
      - {x: 1.75, y: -0.065}
      - {x: 1.8199999, y: 0.005}
      - {x: 1.86, y: 0.095}
      - {x: 1.86, y: 0.185}
      - {x: 1.79, y: 0.265}
      - {x: 1.3299999, y: 0.475}
      - {x: 1.29, y: 0.48499998}
      - {x: 1.22, y: 0.405}
      - {x: 1.09, y: 0.185}
      - {x: 1.04, y: 0.255}
      - {x: 0.9, y: 0.355}
      - {x: 0.87, y: 0.435}
      - {x: 0.77, y: 0.775}
      - {x: 0.71, y: 0.895}
      - {x: 0.65999997, y: 0.97499996}
      - {x: 0.5, y: 1.0849999}
      - {x: 0.48, y: 1.145}
      - {x: 0.42999998, y: 1.2049999}
      - {x: 0.34, y: 1.435}
      - {x: 0.39999998, y: 1.485}
      - {x: 0.34, y: 1.765}
      - {x: 0.37, y: 1.8149999}
      - {x: 0.37, y: 2.0149999}
      - {x: 0.85999995, y: 2.0449998}
      - {x: 0.87, y: 2.075}
      - {x: 0.85999995, y: 2.105}
      - {x: 0.59, y: 2.145}
      - {x: 0.48, y: 2.145}
      - {x: 0.34, y: 2.195}
      - {x: 0.42, y: 2.215}
      - {x: 0.79999995, y: 2.385}
      - {x: 0.78, y: 2.435}
      - {x: 0.69, y: 2.425}
      - {x: 0.42999998, y: 2.365}
      - {x: 0.29, y: 2.315}
      - {x: 0.26999998, y: 2.445}
      - {x: 0.34, y: 2.5049999}
      - {x: 0.51, y: 2.695}
      - {x: 0.5, y: 2.735}
      - {x: 0.47, y: 2.745}
      - {x: 0.28, y: 2.595}
      - {x: 0.12, y: 2.465}
      - {x: -0.03, y: 2.575}
      - {x: -0.08, y: 2.895}
      - {x: -0.099999994, y: 2.915}
      - {x: -0.11, y: 2.915}
      - {x: -0.14, y: 2.875}
      - {x: -0.16, y: 2.5549998}
      - {x: -0.21, y: 2.475}
      - {x: -0.31, y: 2.455}
      - {x: -0.66999996, y: 2.735}
      - {x: -0.71999997, y: 2.715}
      - {x: -0.71, y: 2.685}
      - {x: -0.52, y: 2.475}
      - {x: -0.48, y: 2.305}
      - {x: -0.57, y: 2.305}
      - {x: -0.83, y: 2.425}
      - {x: -0.83, y: 2.495}
      - {x: -0.87, y: 2.715}
      - {x: -0.96, y: 3.0249999}
      - {x: -0.97999996, y: 3.175}
      - {x: -0.97999996, y: 3.605}
      - {x: -1, y: 3.695}
      - {x: -1.06, y: 3.8249998}
      - {x: -1.05, y: 4.015}
      - {x: -0.91999996, y: 4.045}
      - {x: -0.84999996, y: 4.115}
      - {x: -0.9, y: 4.275}
      - {x: -0.85999995, y: 4.315}
      - {x: -0.87, y: 4.365}
      - {x: -0.94, y: 4.455}
      - {x: -1, y: 4.475}
      - {x: -1.09, y: 4.4649997}
      - {x: -1.02, y: 4.555}
      - {x: -1.01, y: 4.865}
      - {x: -1.0799999, y: 4.9049997}
      - {x: -1.16, y: 4.9049997}
      - {x: -1.3199999, y: 4.845}
      - {x: -1.39, y: 4.815}
      - {x: -1.43, y: 4.665}
      - {x: -1.4399999, y: 4.585}
      - {x: -1.39, y: 4.475}
      - {x: -1.4399999, y: 4.485}
      - {x: -1.48, y: 4.495}
      - {x: -1.56, y: 4.435}
      - {x: -1.63, y: 4.365}
      - {x: -1.62, y: 4.345}
      - {x: -1.62, y: 4.1549997}
      - {x: -1.5999999, y: 4.095}
      - {x: -1.49, y: 3.975}
      - {x: -1.48, y: 3.8349998}
      - {x: -1.4499999, y: 3.5349998}
      - {x: -1.37, y: 3.3249998}
      - {x: -1.39, y: 3.3049998}
      - {x: -1.38, y: 3.235}
      - {x: -1.3199999, y: 2.855}
      - {x: -1.3199999, y: 2.565}
      - {x: -1.29, y: 2.445}
      - {x: -1.22, y: 2.065}
      - {x: -1.35, y: 1.745}
      - {x: -1.41, y: 1.545}
      - {x: -1.41, y: 1.385}
      - {x: -1.38, y: 1.265}
      - {x: -1.3299999, y: 1.175}
      - {x: -1.23, y: 1.135}
      - {x: -1.3, y: 1.035}
      - {x: -1.26, y: 0.935}
      - {x: -1.12, y: 0.815}
      - {x: -1.15, y: 0.715}
      - {x: -1.16, y: 0.525}
      - {x: -1.18, y: 0.385}
      - {x: -1.11, y: 0.285}
      - {x: -0.98999995, y: 0.074999996}
      - {x: -1.01, y: -0.005}
      - {x: -1.12, y: -0.24499999}
      - {x: -1.1999999, y: -0.53499997}
      - {x: -1.2099999, y: -0.72499996}
      - {x: -1.13, y: -0.84499997}
      - {x: -1.0699999, y: -0.85499996}
      - {x: -0.97999996, y: -0.85499996}
      - {x: -0.97999996, y: -0.97499996}
      - {x: -1.05, y: -1.115}
      - {x: -1.12, y: -1.305}
      - {x: -1.13, y: -1.4649999}
      - {x: -1.03, y: -1.8349999}
      - {x: -1.01, y: -2.065}
      - {x: -0.97999996, y: -2.415}
      - {x: -1.01, y: -2.475}
      - {x: -1.05, y: -2.605}
      - {x: -1.04, y: -2.855}
      - {x: -1.0799999, y: -3.0649998}
      - {x: -1.0799999, y: -3.455}
      - {x: -1.04, y: -3.8349998}
      - {x: -1.0799999, y: -3.875}
      - {x: -1.0799999, y: -4.015}
      - {x: -1.0699999, y: -4.185}
      - {x: -1.16, y: -4.4249997}
      - {x: -1.28, y: -4.585}
      - {x: -1.41, y: -4.565}
      - {x: -1.52, y: -4.645}
      - {x: -1.52, y: -4.895}
      - {x: -1.68, y: -4.975}
      - {x: -1.65, y: -5.055}
      - {x: -1.5699999, y: -5.185}
      - {x: -1.62, y: -5.315}
      - {x: -1.65, y: -5.495}
      - {x: -1.65, y: -5.6949997}
      - {x: -1.88, y: -5.605}
      - {x: -2.03, y: -5.6349998}
      - {x: -2.03, y: -5.745}
      - {x: 1.65, y: -5.745}
      - {x: 1.65, y: -5.725}
      - {x: 1.64, y: -5.6349998}
      - {x: 1.62, y: -5.605}
  m_UseDelaunayMesh: 0
